=LDR  00000nam a22000003i 4500
=005  20250611085100.0
=008  250611s2019||||pau||||||||||||||\||eng||
=024  8\$aElectronic Auction 442
=033  0\$a20190417
=040  \\$aUkOxU$beng$erda$cUkOxU
=245  00$aCoins of the Valerianic dynasty (AD 253-268) and contemporary issues :$ban academic collection formed by N. M. McQ. Holmes.
=264  \1$aLancaster, PA :$bCNG Classical Numismatic Group, LLC,$c[2019?]
=300  \\$a248 pages ;$c28cm
=336  \\$atext$2rdacontent
=337  \\$aunmediated$2rdamedia
=338  \\$avolume$2rdacarrier
=876  \\$p308241090$zDonated by the Ashmolean Museum.
=904  \\$aOxford Local Record

