=LDR  00000nam a22000003i 4500
=005  20250611085100.0
=008  250611s2021||||gw\||||||||||||||\||ger||
=024  8\$aeLive Premium Auction 357
=033  2\$a20211207$a20211209
=040  \\$aUkOxU$beng$erda$cUkOxU
=245  00$aDie numismatische Bibliothek Alain Poinsignon, Straßburg.$nTeil 3.
=264  \1$aOsnabrück :$bFritz Rudolf Künker GmbH & Co. KG,$c[2021?]
=300  \\$a484 pages ;$c30cm
=336  \\$atext$2rdacontent
=337  \\$aunmediated$2rdamedia
=338  \\$avolume$2rdacarrier
=876  \\$p308241091$zDonated by the Ashmolean Museum.
=904  \\$aOxford Local Record

