=LDR  00000nam a22000003i 4500
=005  20250611085100.0
=008  250611s1984||||mc\||||||||||||||\||fre||
=024  8\$aURSULE
=033  0\$a19840306
=040  \\$aUkOxU$beng$erda$cUkOxU
=245  00$aTapis, tapisseries, porcelaines et faïences, objets d'art d'extrême orient, objets de vitrine, argenterie, archéologie, objets d'art et d'ameublement.
=264  \1$aMonte Carlo :$bSotheby Parke Bernet S.A.,$c[1984?]
=264  \4$c©1984
=300  \\$a111 pages ;$c25cm
=336  \\$atext$2rdacontent
=337  \\$aunmediated$2rdamedia
=338  \\$avolume$2rdacarrier
=876  \\$p308241089$zDonated by the Ashmolean Museum.
=904  \\$aOxford Local Record

