=LDR  00000nam a22000003i 4500
=005  20250611085100.0
=008  250611s2013||||nyu||||||||||||||\||eng||
=024  8\$aauction XXX
=033  0\$a20130109
=040  \\$aUkOxU$beng$erda$cUkOxU
=245  00$aAncient Greek, Roman and Byzantine coins, Islamic and world coins :$bincluding an old collection of Syracuse tetradrachms, coins of Judea.
=264  \1$aNew York :$bThe New York Sale Group (A. H. Baldwin & Sons Ltd, M&M  Numismatics Ltd, Dmitry Markov Coins & Medals),$c[2013?]
=300  \\$aapproximately 176? pages ;$c30cm
=336  \\$atext$2rdacontent
=337  \\$aunmediated$2rdamedia
=338  \\$avolume$2rdacarrier
=500  \\$ain conjunction with the New York International Numismatic Convention.
=876  \\$p308241092$zDonated by the Ashmolean Museum.
=904  \\$aOxford Local Record

