=LDR  00000nam a22000003i 4500
=005  20250611085100.0
=008  250611s2022||||nyu||||||||||||||\||eng||
=024  8\$aauction 55
=033  0\$a20220112
=040  \\$aUkOxU$beng$erda$cUkOxU
=245  00$aWorld coins :$bfeaturing the Peter J. Corcoran collection.
=264  \1$aNew York :$bThe New York Sale Group (Ira & Larry Goldberg Coins & Collectibles, M&M  Numismatics Ltd, Dmitry Markov Coins & Medals, Sovereign Rarities Ltc),$c[2022?]
=300  \\$aapproximately 176? pages ;$c30cm
=336  \\$atext$2rdacontent
=337  \\$aunmediated$2rdamedia
=338  \\$avolume$2rdacarrier
=500  \\$aIn conjunction with the New York International Numismatic Convention.
=876  \\$p308241093$zDonated by the Ashmolean Museum.
=904  \\$aOxford Local Record

