=LDR  00000nam a22000003i 4500
=005  20250611085100.0
=008  250611s2018||||nyu||||||||||||||\||eng||
=033  0\$a20180109
=040  \\$aUkOxU$beng$erda$cUkOxU
=245  00$aTriton XXI :$bthe Giovanni Maria Staffieri collection of the coins of Roman Alexandria.
=264  \1$aNew York :$bClassical Numismatic Group, Inc,$c[2018?]
=300  \\$a144 pages ;$c28cm
=336  \\$atext$2rdacontent
=337  \\$aunmediated$2rdamedia
=338  \\$avolume$2rdacarrier
=500  \\$ain conjunction with the 46th Annual New York International.
=876  \\$p308241094$zDonated by the Ashmolean Museum.
=904  \\$aOxford Local Record

