=LDR  00000nam a22000003i 4500
=005  20250611085100.0
=008  250611s2019||||enk||||||||||||||\||eng||
=024  8\$aauction XVIII
=033  0\$a20190929
=040  \\$aUkOxU$beng$erda$cUkOxU
=245  00$aRoma Numismatics Limited.
=264  \1$aLondon :$bRoma Numismatics Limited,$c[2019?]
=300  \\$a446 pages ;$c30cm
=336  \\$atext$2rdacontent
=337  \\$aunmediated$2rdamedia
=338  \\$avolume$2rdacarrier
=500  \\$athe Lanz collection of Celtic coins, teh William Stancomb collection of coins of the Black Sea region, Celtic, Greek and Judean coins, Roman provincial , Republican, Imperatorial and imperial coins, Byzantine, Islamic and world coins.
=876  \\$p308241095$zDonated by the Ashmolean Museum.
=904  \\$aOxford Local Record

