=LDR  00000nam a22000003i 4500
=005  20250611085100.0
=008  250611s2001||||sw\||||||||||||||\||swe||
=033  1\$a20010522$a20010523
=040  \\$aUkOxU$beng$erda$cUkOxU
=245  00$aStora Kvalitén.
=264  \1$aStockholm :$bAB Stockholms Auktionsverk,$c[2001?]
=300  \\$a465 pages ;$c27cm
=336  \\$atext$2rdacontent
=337  \\$aunmediated$2rdamedia
=338  \\$avolume$2rdacarrier
=876  \\$p308241096$zDonated by the Ashmolean Museum.
=904  \\$aOxford Local Record

