=LDR  00000nam a22000003i 4500
=005  20250611085100.0
=008  250611s2021||||txu||||||||||||||\||eng||
=024  8\$a3096
=033  2\$a20210325$a20210327
=040  \\$aUkOxU$beng$erda$cUkOxU
=245  04$aThe Paramount collection :$bHeritage world & ancient coins.
=264  \1$aDallas, TX :$bHeritage Numismatic Auctions, Inc.,$c[2021?]
=264  \4$c©2021
=300  \\$a472 pages ;$c28cm
=336  \\$atext$2rdacontent
=337  \\$aunmediated$2rdamedia
=338  \\$avolume$2rdacarrier
=500  \\$aSession 1 - Ancients / Albania - German States; Session 2 - Great Britain - Yugoslavia, Online Only Session 3 - Albania - Zambia.
=876  \\$p308241097$zDonated by the Ashmolean Museum.
=904  \\$aOxford Local Record

