=LDR  00000nam a22000003i 4500
=005  20250611085100.0
=008  250611s2000||||gw\||||||||||||||\||ger||
=024  8\$a198
=033  0\$a20001102
=040  \\$aUkOxU$beng$erda$cUkOxU
=245  00$aVan Ham Kunstauktionen :$bTeppiche, Tapisserie, Ausgrabungen.
=264  \1$aCologne :$bVan Ham Kunstauktionen,$c[2000?]
=300  \\$a80 pages ;$c27cm
=336  \\$atext$2rdacontent
=337  \\$aunmediated$2rdamedia
=338  \\$avolume$2rdacarrier
=876  \\$p308241098$zDonated by the Ashmolean Museum.
=904  \\$aOxford Local Record

