=LDR  00000nam a22000003i 4500
=005  20250611085100.0
=008  250611s2023||||fr\||||||||||||||\||fre||
=033  0\$a20230630
=040  \\$aUkOxU$beng$erda$cUkOxU
=041  01$afre$aeng
=245  00$aUne pendule astronomique squelette unique :$boù les sciences et l'art dul XVIIIe sièclese concentrant dans une œuvre monumentale.
=264  \1$aParis :$bDe Baecque,$c[2023?]
=300  \\$a24 pages ;$c27cm
=336  \\$atext$2rdacontent
=337  \\$aunmediated$2rdamedia
=338  \\$avolume$2rdacarrier
=546  \\$a In French and English.
=876  \\$p308241099$zDonated by the Ashmolean Museum.
=904  \\$aOxford Local Record

