=LDR  00000nam a22000003i 4500
=005  20250611085100.0
=008  250611s2001||||dk\||||||||||||||\||dan||
=024  8\$a76
=033  2\$a20010509$a20010515
=040  \\$aUkOxU$beng$erda$cUkOxU
=245  00$aKunstauktion 76 :$binternationale og danske malerier & antikviteter.
=246  31$aAuction 76$binternational and Danish paintings & works of art
=264  \1$aPedersholm Vejle :$bBruun Rasmussen Kunstauktioner,$c[2001?]
=264  \4$c©2001
=300  \\$a287 pages ;$c28cm
=336  \\$atext$2rdacontent
=337  \\$aunmediated$2rdamedia
=338  \\$avolume$2rdacarrier
=500  \\$aauction catalogue items in Danish only.
=876  \\$p308241100$zDonated by the Ashmolean Museum.
=904  \\$aOxford Local Record

