=LDR  00000nam a22000003i 4500
=005  20250611085100.0
=008  250611s1986||||nyu||||||||||||||\||eng||
=033  0\$a19860321
=040  \\$aUkOxU$beng$erda$cUkOxU
=245  00$aNetsuke and other fine Japanese works of art :$bfrom the collection of Raymond Bushell, the collection of a West Coast Lady, and the collections of various other owners.
=264  \1$aNew York :$bArts of Japan at Auction, Inc.,$c[1986?]
=300  \\$a121 pages ;$c28cm
=336  \\$atext$2rdacontent
=337  \\$aunmediated$2rdamedia
=338  \\$avolume$2rdacarrier
=876  \\$p308241101$zDonated by the Ashmolean Museum.
=904  \\$aOxford Local Record

