=LDR  00000nam a22000003i 4500
=005  20250611085100.0
=008  250611s1949||||fr\||||||||||||||\||fre||
=033  1\$a19490518$a19490519
=040  \\$aUkOxU$beng$erda$cUkOxU
=245  00$aCollection A. Bouasse-Lebel (1re vente) :$bhaute curiosité, objets d'extrême-orient, art khmer.
=264  \1$aParis:$c[1949?]
=300  \\$a23 pages ;$c24cm
=336  \\$atext$2rdacontent
=337  \\$aunmediated$2rdamedia
=338  \\$avolume$2rdacarrier
=500  \\$acéramiques persanes, antiquités égyptiennes, tête d'Osiris en bronze, collection d'amulettes égyptiennes, antiquités grecques, petite tête gothique en pierre; céramique chinoise archaïque des dynasties Han, Tang, Song, Yuen, Ming, porcelaines du Siam, bois sculptés, pierres dures de fouille, ivoires; importantes sculptures, art cham, art khmer, art siamois, art chinois; bronzes: khmer, chinois, siamois, Thibet, Inde, Birmanie, émaux cloisonnés chinois de l'époque Ming, peintures de Bali et du Cambodge; dont la vente aux enchères publiques aura lieu à l'Hotel Drouot, Salle No. 7.
=876  \\$p308241102$zDonated by the Ashmolean Museum.
=904  \\$aOxford Local Record

