=LDR  00000nam a22000003i 4500
=005  20250611085100.0
=008  250611s1931||||fr\||||||||||||||\||fre||
=033  1\$a19311207$a19311208
=040  \\$aUkOxU$beng$erda$cUkOxU
=245  00$aCatalogue des objets d'art et d'ameublement du XVIe au XVIIIe siècle.
=264  \1$aParis:$c[1931?]
=300  \\$a68 pages ;$c24cm
=336  \\$atext$2rdacontent
=337  \\$aunmediated$2rdamedia
=338  \\$avolume$2rdacarrier
=500  \\$atableaux anciens par Drolling, J-B. Huet, van Huysum, Morland, Pillement, etc.; aquarelle, dessins, gouaches par van Blarenberghe, Langendyk, Oudry, etc.; céramiques de la Chine des dynasties ou époque Han, Song, Ming, Tsing, bois sculptés, laques, ivoires, pierres dures, cadres, orfèvvie, sculptures, bronzes, chenets, pendules; sièges et meubles, plusieurs estampillés des Maîtres-Ébéniste: Avisse, Blanchard, Boulard, P.-F. Deferet, Delaunay, J. -B. Detroulleau, Mautel, R. V. L. C., Sené, J. Stumpff; Importanted tapisseries anciennesdes XVIe, XVIIe et XVIIIe siècles des Flandres, Paris, Gobelins, Beauvaois et Aubusson, beau et curieux tapis de la Savonnerie du XVIIe siècle, tapis chinois dont la vente aux enchères publiques aura lieu à l'Hotel Drouot, Salles Nos. 9, 10 et 11 réunies.
=876  \\$p308241103$zDonated by the Ashmolean Museum.
=904  \\$aOxford Local Record


















